%% This BibTeX bibliography file was created using BibDesk.
%% https://bibdesk.sourceforge.io/

%% Created for Angelos at 2023-05-06 17:29:35 -0500 


%% Saved with string encoding Unicode (UTF-8) 



@article{Kohavi2001,
	author = {Kohavi, Ron},
	date-added = {2023-05-06 17:25:51 -0500},
	date-modified = {2023-05-06 17:26:55 -0500},
	month = {03},
	title = {A Study of Cross-Validation and Bootstrap for Accuracy Estimation and Model Selection},
	volume = {14},
	year = {2001}}

@article{Bengio2004,
	author = {Bengio, Yoshua and Grandvalet, Yves},
	date-added = {2023-05-06 17:22:50 -0500},
	date-modified = {2023-05-06 17:29:17 -0500},
	month = {06},
	title = {No Unbiased Estimator of the Variance of K-Fold Cross-Validation},
	year = {2004}}

@article{Burman1989,
	author = {Burman, Prabir},
	date-added = {2023-05-06 17:21:07 -0500},
	date-modified = {2023-05-06 17:21:15 -0500},
	doi = {10.1093/biomet/76.3.503},
	journal = {Biometrika},
	month = {09},
	pages = {503-514},
	title = {A Comparative Study of Ordinary Cross-Validation, v-Fold Cross-Validation and the Repeated Learning-Testing Methods},
	volume = {76},
	year = {1989},
	bdsk-url-1 = {https://doi.org/10.1093/biomet/76.3.503}}

@article{Breiman1992,
	author = {Breiman, Leo and Spector, Philip},
	date-added = {2023-05-06 17:09:06 -0500},
	date-modified = {2023-05-06 17:10:13 -0500},
	doi = {10.2307/1403680},
	journal = {International Statistical Review / Revue Internationale de Statistique},
	number = {3},
	pages = {291},
	title = {Submodel selection and evaluation in regression. The X-Random Case},
	volume = {60},
	year = {1992},
	bdsk-url-1 = {https://doi.org/10.2307/1403680}}

@article{Efron1983,
	author = {Efron, Bradley},
	date-added = {2023-05-06 17:09:06 -0500},
	date-modified = {2023-05-06 17:09:54 -0500},
	doi = {10.1080/01621459.1983.10477973},
	journal = {Journal of the American Statistical Association},
	number = {382},
	pages = {316--331},
	title = {Estimating the error rate of a prediction rule: Improvement on cross-validation},
	volume = {78},
	year = {1983},
	bdsk-url-1 = {https://doi.org/10.1080/01621459.1983.10477973}}

@article{Zhang2015,
	author = {Zhang, Yongli and Yang, Yuhong},
	date-added = {2023-05-06 17:09:06 -0500},
	date-modified = {2023-05-06 17:09:48 -0500},
	doi = {10.1016/j.jeconom.2015.02.006},
	journal = {Journal of Econometrics},
	number = {1},
	pages = {95--112},
	title = {Cross-validation for selecting a model selection procedure},
	volume = {187},
	year = {2015},
	bdsk-url-1 = {https://doi.org/10.1016/j.jeconom.2015.02.006}}

@misc{Austern2020,
	archiveprefix = {arXiv},
	author = {Morgane Austern and Wenda Zhou},
	date-added = {2023-05-06 17:09:06 -0500},
	date-modified = {2023-05-06 17:09:33 -0500},
	eprint = {2001.11111},
	primaryclass = {math.ST},
	title = {Asymptotics of Cross-Validation},
	year = {2020}}

@inproceedings{Kumar2013,
	address = {Atlanta, Georgia, USA},
	author = {Kumar, Ravi and Lokshtanov, Daniel and Vassilvitskii, Sergei and Vattani, Andrea},
	booktitle = {Proceedings of the 30th International Conference on Machine Learning},
	date-added = {2023-05-06 17:09:06 -0500},
	date-modified = {2023-05-06 17:10:07 -0500},
	editor = {Dasgupta, Sanjoy and McAllester, David},
	month = {17--19 Jun},
	number = {1},
	pages = {27--35},
	pdf = {http://proceedings.mlr.press/v28/kumar13a.pdf},
	publisher = {PMLR},
	series = {Proceedings of Machine Learning Research},
	title = {Near-Optimal Bounds for Cross-Validation via Loss Stability},
	url = {https://proceedings.mlr.press/v28/kumar13a.html},
	volume = {28},
	year = {2013},
	bdsk-url-1 = {https://proceedings.mlr.press/v28/kumar13a.html}}

@inproceedings{Kale2011,
	author = {Kale, Satyen and Kumar, Ravi and Vassilvitskii, Sergei},
	date-added = {2023-05-06 17:09:06 -0500},
	date-modified = {2023-05-06 17:09:42 -0500},
	month = {01},
	pages = {487-495},
	title = {Cross-Validation and Mean-Square Stability.},
	year = {2011}}
